%% This BibTeX bibliography file was created using BibDesk.
%% http://bibdesk.sourceforge.net/


%% Created for Albert Heinle at 2013-03-07 12:52:09 -0500 


%% Saved with string encoding Unicode (UTF-8) 



@article{mayr1982complexity,
	Author = {Mayr, Ernst W and Meyer, Albert R},
	Date-Added = {2013-03-07 12:52:08 -0500},
	Date-Modified = {2013-03-07 12:52:08 -0500},
	Journal = {Advances in mathematics},
	Number = {3},
	Pages = {305--329},
	Publisher = {Elsevier},
	Title = {The complexity of the word problems for commutative semigroups and polynomial ideals},
	Volume = {46},
	Year = {1982}}

@article{buchberger1970algorithmisches,
	Author = {Buchberger, Bruno},
	Date-Added = {2013-03-07 12:45:49 -0500},
	Date-Modified = {2013-03-07 12:45:49 -0500},
	Journal = {Aequationes mathematicae},
	Number = {3},
	Pages = {374--383},
	Publisher = {Springer},
	Title = {Ein algorithmisches Kriterium f{\"u}r die L{\"o}sbarkeit eines algebraischen Gleichungssystems},
	Volume = {4},
	Year = {1970}}

@article{matiyasevich1970enumerable,
	Author = {Matiyasevich, Yuri V},
	Date-Added = {2013-03-07 12:37:15 -0500},
	Date-Modified = {2013-03-07 12:37:15 -0500},
	Journal = {Doklady Akademii Nauk SSSR},
	Number = {2},
	Pages = {279--282},
	Title = {Enumerable sets are diophantine},
	Volume = {191},
	Year = {1970}}

@article{davis1984hilbert,
	Author = {Davis, Martin and Hersh, Reuben},
	Date-Added = {2013-03-07 12:33:19 -0500},
	Date-Modified = {2013-03-07 12:33:19 -0500},
	Journal = {Mathematics: people, problems, results},
	Pages = {136},
	Publisher = {Taylor \& Francis US},
	Title = {Hilbert's 10th Problem},
	Volume = {2},
	Year = {1984}}

@inproceedings{barrett2010smt,
	Author = {C. Barrett and A. Stump and C. Tinelli},
	Booktitle = {Proceedings of the 8th International Workshop on Satisfiability Modulo Theories (Edinburgh, England)},
	Date-Added = {2013-03-07 11:51:34 -0500},
	Date-Modified = {2013-03-07 11:53:40 -0500},
	Title = {The smt-lib standard: Version 2.0},
	Volume = {13},
	Year = {2010}}

@article{de2008z3,
	Author = {De Moura, Leonardo and Bj{\o}rner, Nikolaj},
	Date-Added = {2013-03-07 11:35:39 -0500},
	Date-Modified = {2013-03-07 11:35:39 -0500},
	Journal = {Tools and Algorithms for the Construction and Analysis of Systems},
	Pages = {337--340},
	Publisher = {Springer},
	Title = {Z3: An efficient SMT solver},
	Year = {2008}}

@unpublished{CRESTZ3,
	Author = {H. Yun},
	Date-Added = {2013-03-07 10:14:56 -0500},
	Date-Modified = {2013-03-07 10:18:21 -0500},
	Title = {Non-linear Arithmetic Support for CREST},
	Year = {2012}}

@unpublished{CREST,
	Author = {J. Burnim},
	Date-Added = {2013-03-07 09:28:44 -0500},
	Date-Modified = {2013-03-07 10:13:39 -0500},
	Title = {Automatic Test Generation Tool for C},
	Url = {https://code.google.com/p/crest/},
	Year = {2011}}
